<record><leader>00000cas a2200000 a 4500</leader><controlfield tag="001">46972448</controlfield><controlfield tag="008">010518c20009999caudr ne      0    0eng c</controlfield><datafield ind1=" " ind2=" " tag="010"><subfield code="a">sn2002060512</subfield></datafield><datafield ind1=" " ind2=" " tag="040"><subfield code="a">JRQ</subfield><subfield code="b">eng</subfield><subfield code="c">JRQ</subfield><subfield code="d">CNK</subfield><subfield code="d">OCLCQ</subfield><subfield code="d">OCLCF</subfield><subfield code="d">OCLCO</subfield></datafield><datafield ind1="1" ind2=" " tag="029"><subfield code="a">AU@</subfield><subfield code="b">000023464041</subfield></datafield><datafield ind1=" " ind2=" " tag="037"><subfield code="b">Priceless L.L.C., 921 S. El Camino Real, San Mateo, Calif., 94402.</subfield></datafield><datafield ind1=" " ind2=" " tag="042"><subfield code="a">pcc</subfield></datafield><datafield ind1=" " ind2=" " tag="043"><subfield code="a">n-us-ca</subfield></datafield><datafield ind1="0" ind2="0" tag="245"><subfield code="a">Redwood City daily news.</subfield></datafield><datafield ind1=" " ind2=" " tag="260"><subfield code="a">San Mateo, Calif. :</subfield><subfield code="b">Dave Price and Jim Pavelich</subfield></datafield><datafield ind1=" " ind2=" " tag="300"><subfield code="a">v.</subfield></datafield><datafield ind1=" " ind2=" " tag="310"><subfield code="a">Daily (except Sun.)</subfield></datafield><datafield ind1="0" ind2=" " tag="362"><subfield code="a">Vol. 1, no. 1 (Aug. 9, 2000)-</subfield></datafield><datafield ind1=" " ind2="0" tag="651"><subfield code="a">Redwood City (Calif.)</subfield><subfield code="v">Newspapers.</subfield></datafield><datafield ind1=" " ind2="7" tag="655"><subfield code="a">Newspapers.</subfield><subfield code="2">fast</subfield><subfield code="0">(OCoLC)fst01423814</subfield></datafield><datafield ind1=" " ind2="7" tag="651"><subfield code="a">California</subfield><subfield code="z">Redwood City.</subfield><subfield code="2">fast</subfield><subfield code="0">(OCoLC)fst01215157</subfield></datafield><datafield ind1=" " ind2=" " tag="752"><subfield code="a">United States</subfield><subfield code="b">California</subfield><subfield code="c">San Mateo</subfield><subfield code="d">Redwood City.</subfield></datafield><datafield ind1="0" ind2=" " tag="775"><subfield code="t">San Mateo daily news</subfield><subfield code="w">(DLC)sn2002060513</subfield></datafield></record>